<record><leader>01526pam a2200409 i 4500</leader><controlfield tag="001">6803554</controlfield><controlfield tag="003">OCoLC</controlfield><controlfield tag="005">20150121104028.0</controlfield><controlfield tag="008">140805s2015    nyu      b    001 0 eng  </controlfield><datafield ind1=" " ind2=" " tag="010"><subfield code="a">  2014017597</subfield></datafield><datafield ind1=" " ind2=" " tag="020"><subfield code="a">9780231171144 (cloth : alk. paper)</subfield></datafield><datafield ind1=" " ind2=" " tag="020"><subfield code="a">0231171145 (cloth : alk. paper)</subfield></datafield><datafield ind1=" " ind2=" " tag="020"><subfield code="a">9780231171151 (pbk. : alk. paper)</subfield></datafield><datafield ind1=" " ind2=" " tag="020"><subfield code="a">0231171153 (pbk. : alk. paper)</subfield></datafield><datafield ind1=" " ind2=" " tag="020"><subfield code="z">9780231538701 (e-book)</subfield></datafield><datafield ind1=" " ind2=" " tag="035"><subfield code="a">ocn897774736</subfield></datafield><datafield ind1=" " ind2=" " tag="040"><subfield code="a">DLC</subfield><subfield code="b">eng</subfield><subfield code="e">rda</subfield><subfield code="c">DLC</subfield><subfield code="d">YDXCP</subfield><subfield code="d">BTCTA</subfield><subfield code="d">BDX</subfield><subfield code="d">OCLCO</subfield><subfield code="d">ZCU</subfield><subfield code="d">TOH</subfield><subfield code="d">CDX</subfield><subfield code="d">UAB</subfield><subfield code="d">AEU</subfield></datafield><datafield ind1=" " ind2=" " tag="042"><subfield code="a">pcc</subfield></datafield><datafield ind1="0" ind2="0" tag="050"><subfield code="a">BT83.585</subfield><subfield code="b">.K45 2015</subfield></datafield><datafield ind1="0" ind2="0" tag="082"><subfield code="a">231</subfield><subfield code="2">23</subfield></datafield><datafield ind1=" " ind2=" " tag="090"><subfield code="a">BT 83.585 K45 2015</subfield><subfield code="b">AEU</subfield></datafield><datafield ind1="1" ind2=" " tag="100"><subfield code="a">Keller, Catherine,</subfield><subfield code="d">1953-</subfield><subfield code="e">author.</subfield></datafield><datafield ind1="1" ind2="0" tag="245"><subfield code="a">Cloud of the impossible :</subfield><subfield code="b">negative theology and planetary entanglement /</subfield><subfield code="c">Catherine Keller.</subfield></datafield><datafield ind1=" " ind2="1" tag="264"><subfield code="a">New York :</subfield><subfield code="b">Columbia University Press,</subfield><subfield code="c">[2015]</subfield></datafield><datafield ind1=" " ind2=" " tag="300"><subfield code="a">vi, 394 pages ;</subfield><subfield code="c">23 cm.</subfield></datafield><datafield ind1=" " ind2=" " tag="336"><subfield code="a">text</subfield><subfield code="b">txt</subfield><subfield code="2">rdacontent</subfield></datafield><datafield ind1=" " ind2=" " tag="337"><subfield code="a">unmediated</subfield><subfield code="b">n</subfield><subfield code="2">rdamedia</subfield></datafield><datafield ind1=" " ind2=" " tag="338"><subfield code="a">volume</subfield><subfield code="b">nc</subfield><subfield code="2">rdacarrier</subfield></datafield><datafield ind1="1" ind2=" " tag="490"><subfield code="a">Insurrections: critical studies in religion, politics, and culture</subfield></datafield><datafield ind1=" " ind2=" " tag="504"><subfield code="a">Includes bibliographical references and index.</subfield></datafield><datafield ind1=" " ind2=" " tag="596"><subfield code="a">43</subfield></datafield><datafield ind1=" " ind2="0" tag="650"><subfield code="a">Negative theology</subfield><subfield code="x">Christianity.</subfield></datafield><datafield ind1=" " ind2="0" tag="650"><subfield code="a">Mysticism.</subfield></datafield><datafield ind1=" " ind2="0" tag="650"><subfield code="a">Planets</subfield><subfield code="v">Miscellanea.</subfield></datafield><datafield ind1=" " ind2="0" tag="830"><subfield code="a">Insurrections.</subfield></datafield><datafield ind1=" " ind2=" " tag="949"><subfield code="a">BT 83.585 K45 2015</subfield><subfield code="c">1</subfield><subfield code="h">UAHS-B</subfield><subfield code="i">0162035230265</subfield></datafield><datafield ind1=" " ind2=" " tag="926"><subfield code="a">BT 83.585 K45 2015</subfield><subfield code="w">LC</subfield><subfield code="c">1</subfield><subfield code="i">0162035230265</subfield><subfield code="d">4/3/2017</subfield><subfield code="e">1/30/2017</subfield><subfield code="l">ON_SHELF</subfield><subfield code="m">UAHSS</subfield><subfield code="n">6</subfield><subfield code="p">$150.00</subfield><subfield code="r">Y</subfield><subfield code="s">Y</subfield><subfield code="t">BOOK</subfield><subfield code="u">2/11/2015</subfield></datafield></record>